@article{Westland_Mou_Yin_2019, 
title={Demand cycles and market segmentation in bicycle sharing}, 
volume={56}, 
url={http://dx.doi.org/10.1016/j.ipm.2018.09.006}, 
DOI={10.1016/j.ipm.2018.09.006}, 
number={4}, 
journal={Information Processing & Management}, 
publisher={Elsevier BV}, 
author={Westland, James Christopher and Mou, Jian and Yin, Dafei}, 
year={2019}, month={Jul}, pages={1592–1604} }

@article{Jia_Ding_Gebel_Chen_Zhang_Ma_Fu_2019, 
title={Effects of new dock-less bicycle-sharing programs on cycling: a retrospective study in Shanghai}, 
volume={9}, 
url={http://dx.doi.org/10.1136/bmjopen-2018-024280}, 
DOI={10.1136/bmjopen-2018-024280}, 
abstractNote={<jats:sec><jats:title>Objectives</jats:title><jats:p>To examine (1) the effect of new dock-less bicycle-sharing programmes on change in travel mode and (2) the correlates of change in travel mode.</jats:p></jats:sec><jats:sec><jats:title>Design</jats:title><jats:p>A retrospective natural experimental study.</jats:p></jats:sec><jats:sec><jats:title>Setting</jats:title><jats:p>12 neighbourhoods in Shanghai.</jats:p></jats:sec><jats:sec><jats:title>Participants</jats:title><jats:p>1265 respondents were recruited for a retrospective study in May 2017.</jats:p></jats:sec><jats:sec><jats:title>Main outcome measures</jats:title><jats:p>Prevalence of cycling before and after launch of dock-less bicycle-sharing programme.</jats:p></jats:sec><jats:sec><jats:title>Results</jats:title><jats:p>The proportion of participants cycling for transport increased from 33.3% prior to the launch of the bicycle-sharing programmes to 48.3% 1 year after the launch (p&lt;0.001). Being in the age group of 30–49 years (OR 2.28; 95% CI 1.30 to 4.00), living within the inner ring of the city (OR 2.27; 95% CI 1.22 to 4.26), having dedicated bicycle lanes (OR 1.37, 95% CI 1.12 to 1.68) and perceiving riding shared bicycles as fashionable (OR 1.46, 95% CI 1.21 to 1.76) were positively associated with adopting cycling for transport. Access to a public transportation stop/station (OR 0.82, 95% CI 0.67 to 0.99) was inversely correlated with adopting cycling for transport.</jats:p></jats:sec><jats:sec><jats:title>Conclusions</jats:title><jats:p>Dock-less bicycle sharing may promote bicycle use in a metropolitan setting. Findings from this study also highlight the importance of cycling-friendly built environments and cultural norms as facilitators of adopting cycling.</jats:p></jats:sec>}, 
number={2}, 
journal={BMJ Open}, 
publisher={BMJ}, 
author={Jia, Yingnan and Ding, Ding and Gebel, Klaus and Chen, Lili and Zhang, Sen and Ma, Zhicong and Fu, Hua}, 
year={2019}, month={Feb}, pages={e024280} }



@article{DellAmico_Hadjicostantinou_Iori_Novellani_2014, 
title={The bike sharing rebalancing problem: Mathematical formulations and benchmark instances}, 
volume={45}, 
url={http://dx.doi.org/10.1016/j.omega.2013.12.001}, 
DOI={10.1016/j.omega.2013.12.001}, 
journal={Omega}, 
publisher={Elsevier BV}, 
author={Dell’Amico, Mauro and Hadjicostantinou, Eleni and Iori, Manuel and Novellani, Stefano}, 
year={2014}, month={Jun}, pages={7–19} }

@article{DellAmico_Iori_Novellani_Subramanian_2018, 
title={The Bike sharing Rebalancing Problem with Stochastic Demands}, 
volume={118}, 
url={http://dx.doi.org/10.1016/j.trb.2018.10.015}, 
DOI={10.1016/j.trb.2018.10.015}, 
journal={Transportation Research Part B: Methodological}, 
publisher={Elsevier BV}, 
author={Dell’Amico, Mauro and Iori, Manuel and Novellani, Stefano and Subramanian, Anand}, 
year={2018}, month={Dec}, pages={362–380} }



@article{Zhou_2015, 
title={Understanding Spatiotemporal Patterns of Biking Behavior by Analyzing Massive Bike Sharing Data in Chicago}, 
volume={10}, 
url={http://dx.doi.org/10.1371/journal.pone.0137922}, 
DOI={10.1371/journal.pone.0137922}, 
number={10}, 
journal={PLOS ONE}, 
publisher={Public Library of Science (PLoS)}, 
author={Zhou, Xiaolu}, 
editor={Chen, Yanguang}, 
year={2015}, month={Oct}, pages={e0137922} }

@article{Jia_Fu_2019, 
title={Association between innovative dockless bicycle sharing programs and adopting cycling in commuting and non-commuting trips}, 
volume={121}, 
url={http://dx.doi.org/10.1016/j.tra.2018.12.025}, 
DOI={10.1016/j.tra.2018.12.025}, 
journal={Transportation Research Part A: Policy and Practice}, 
publisher={Elsevier BV}, 
author={Jia, Yingnan and Fu, Hua}, 
year={2019}, month={Mar}, pages={12–21} }

@article{Hosford_Lear_Fuller_Teschke_Therrien_Winters_2018, 
title={Who is in the near market for bicycle sharing? Identifying current, potential, and unlikely users of a public bicycle share program in Vancouver, Canada}, 
volume={18}, 
url={http://dx.doi.org/10.1186/s12889-018-6246-3}, 
DOI={10.1186/s12889-018-6246-3}, 
number={1}, 
journal={BMC Public Health}, 
publisher={Springer Science and Business Media LLC}, 
author={Hosford, Kate and Lear, Scott A. and Fuller, Daniel and Teschke, Kay and Therrien, Suzanne and Winters, Meghan}, 
year={2018}, month={Nov} }


@article{Hosford_Fuller_Lear_Teschke_Gauvin_Brauer_Winters_2018, 
title={Evaluation of the impact of a public bicycle share program on population bicycling in Vancouver, BC},
volume={12}, 
url={http://dx.doi.org/10.1016/j.pmedr.2018.09.014}, 
DOI={10.1016/j.pmedr.2018.09.014}, 
journal={Preventive Medicine Reports}, 
publisher={Elsevier BV}, 
author={Hosford, Kate and Fuller, Daniel and Lear, Scott A. and Teschke, Kay and Gauvin, Lise and Brauer, Michael and Winters, Meghan}, 
year={2018}, month={Dec}, pages={176–181} }





@article{Schmidt_2018, 
title={Active Travel for All? The Surge in Public Bike-Sharing Programs}, 
volume={126}, 
url={http://dx.doi.org/10.1289/EHP3754}, 
DOI={10.1289/ehp3754}, 
number={8}, 
journal={Environmental Health Perspectives}, 
publisher={Environmental Health Perspectives}, 
author={Schmidt, Charles}, 
year={2018}, month={Aug}, pages={82001} }

@article{Wang_He_Zhang_Shu_Liu_Gu_Liu_Lee_Son_2018, 
title={BRAVO: Improving the Rebalancing Operation in Bike Sharing with Rebalancing Range Prediction}, 
volume={2}, 
url={http://dx.doi.org/10.1145/3191776}, 
DOI={10.1145/3191776}, 
number={1}, 
journal={Proceedings of the ACM on Interactive, Mobile, Wearable and Ubiquitous Technologies}, 
publisher={Association for Computing Machinery (ACM)}, 
author={Wang, Shuai and He, Tian and Zhang, Desheng and Shu, Yuanchao and Liu, Yunhuai and Gu, Yu and Liu, Cong and Lee, Haengju and Son, Sang H.}, 
year={2018}, month={Mar}, pages={1–22} }

@inbook{Vogel_Mattfeld_2011, 
title={Strategic and Operational Planning of Bike-Sharing Systems by Data Mining – A Case Study}, 
url={http://dx.doi.org/10.1007/978-3-642-24264-9_10}, 
DOI={10.1007/978-3-642-24264-9_10}, 
booktitle={Lecture Notes in Computer Science}, 
publisher={Springer Berlin Heidelberg}, 
author={Vogel, Patrick and Mattfeld, Dirk C.}, 
year={2011}, pages={127–141} }

@article{Fuller_Luan_Buote_Auchincloss_2019, 
title={Impact of a public transit strike on public bicycle share use: An interrupted time series natural experiment study}, 
volume={13}, 
url={http://dx.doi.org/10.1016/j.jth.2019.03.018}, 
DOI={10.1016/j.jth.2019.03.018}, 
journal={Journal of Transport & Health}, 
publisher={Elsevier BV}, 
author={Fuller, Daniel and Luan, Hui and Buote, Richard and Auchincloss, Amy H.}, 
year={2019}, month={Jun}, pages={137–142} }

@article{Fuller_Gauvin_Kestens_Daniel_Fournier_Morency_Drouin_2013, 
title={Impact Evaluation of a Public Bicycle Share Program on Cycling: A Case Example of BIXI in Montreal, Quebec}, 
volume={103}, 
url={http://dx.doi.org/10.2105/AJPH.2012.300917}, 
DOI={10.2105/ajph.2012.300917}, 
number={3}, 
journal={American Journal of Public Health}, 
publisher={American Public Health Association}, 
author={Fuller, Daniel and Gauvin, Lise and Kestens, Yan and Daniel, Mark and Fournier, Michel and Morency, Patrick and Drouin, Louis}, 
year={2013}, month={Mar}, pages={e85–e92} }

@article{Faghih-Imani_Eluru_2018, 
title={A finite mixture modeling approach to examine New York City bicycle sharing system (CitiBike) users’ destination preferences}, 
url={http://dx.doi.org/10.1007/s11116-018-9896-1}, 
DOI={10.1007/s11116-018-9896-1}, 
journal={Transportation}, 
publisher={Springer Science and Business Media LLC}, 
author={Faghih-Imani, Ahmadreza and Eluru, Naveen}, 
year={2018}, month={Jun} }

@article{An_Zahnow_Pojani_Corcoran_2019, 
title={Weather and cycling in New York: The case of Citibike}, 
volume={77}, 
url={http://dx.doi.org/10.1016/j.jtrangeo.2019.04.016}, 
DOI={10.1016/j.jtrangeo.2019.04.016}, 
journal={Journal of Transport Geography}, 
publisher={Elsevier BV}, 
author={An, Ran and Zahnow, Renee and Pojani, Dorina and Corcoran, Jonathan}, 
year={2019}, month={May}, pages={97–112} }


@article{Heaney_Carrión_Burkart_Lesk_Jack_2019, 
title={Climate Change and Physical Activity: Estimated Impacts of Ambient Temperatures on Bikeshare Usage in New York City}, 
volume={127}, 
url={http://dx.doi.org/10.1289/EHP4039}, 
DOI={10.1289/ehp4039}, 
number={3}, 
journal={Environmental Health Perspectives}, 
publisher={Environmental Health Perspectives}, 
author={Heaney, Alexandra K. and Carrión, Daniel and Burkart, Katrin and Lesk, Corey and Jack, Darby}, 
year={2019}, month={Mar}, pages={37002} }



@article{Nankervis_1999, 
title={The effect of weather and climate on bicycle commuting}, 
volume={33}, 
url={http://dx.doi.org/10.1016/S0965-8564(98)00022-6}, 
DOI={10.1016/s0965-8564(98)00022-6}, 
number={6}, 
journal={Transportation Research Part A: Policy and Practice}, 
publisher={Elsevier BV}, 
author={Nankervis, Max}, 
year={1999}, 
month={Aug}, pages={417–431} }
